<marc:record xmlns:marc="http://www.loc.gov/MARC21/slim" xmlns:xsi="http://www.w3.org/2001/XMLSchema-instance" xsi:schemaLocation="http://www.loc.gov/MARC21/slim http://www.loc.gov/standards/marcxml/schema/MARC21slim.xsd">
  <marc:leader>     cam a2200337 a 4500</marc:leader>
  <marc:controlfield tag="001">001932736</marc:controlfield>
  <marc:controlfield tag="003">NNU</marc:controlfield>
  <marc:controlfield tag="005">19940713181853.0</marc:controlfield>
  <marc:controlfield tag="008">890619m19879999ir            000 0 arar </marc:controlfield>
  <marc:datafield tag="010" ind1=" " ind2=" ">
    <marc:subfield code="a">89930245</marc:subfield>
  </marc:datafield>
  <marc:datafield tag="035" ind1="9" ind2=" ">
    <marc:subfield code="a">NYUb10876803</marc:subfield>
  </marc:datafield>
  <marc:datafield tag="035" ind1=" " ind2=" ">
    <marc:subfield code="a">(CStRLIN)NYUG89-B21723</marc:subfield>
  </marc:datafield>
  <marc:datafield tag="035" ind1=" " ind2=" ">
    <marc:subfield code="a">GLIS008768030</marc:subfield>
  </marc:datafield>
  <marc:datafield tag="040" ind1=" " ind2=" ">
    <marc:subfield code="a">DLC</marc:subfield>
    <marc:subfield code="c">DLC</marc:subfield>
    <marc:subfield code="d">DLC</marc:subfield>
    <marc:subfield code="d">NNU</marc:subfield>
  </marc:datafield>
  <marc:datafield tag="050" ind1="0" ind2="0">
    <marc:subfield code="a">B753</marc:subfield>
    <marc:subfield code="b">.F31 1987</marc:subfield>
  </marc:datafield>
  <marc:datafield tag="090" ind1=" " ind2=" ">
    <marc:subfield code="a">B753</marc:subfield>
    <marc:subfield code="b">.F31 1987</marc:subfield>
    <marc:subfield code="i">05/29/91 CT</marc:subfield>
  </marc:datafield>
  <marc:datafield tag="100" ind1="0" ind2=" ">
    <marc:subfield code="a">Fārābī.</marc:subfield>
  </marc:datafield>
  <marc:datafield tag="245" ind1="1" ind2="3">
    <marc:subfield code="a">al-Manṭiqīyāt lil-Fārābī /</marc:subfield>
    <marc:subfield code="c">ḥaqqaqahā wa-qaddama lahā, Muḥammad Taqī Dānishʹpazhūh ; ishrāf, Maḥmūd al-Marʻashī.</marc:subfield>
  </marc:datafield>
  <marc:datafield tag="250" ind1=" " ind2=" ">
    <marc:subfield code="a">al-Ṭabʻah 1.</marc:subfield>
  </marc:datafield>
  <marc:datafield tag="260" ind1=" " ind2=" ">
    <marc:subfield code="a">Qum :</marc:subfield>
    <marc:subfield code="b">Maktabat Āyat Allāh al-ʻUẓmá al-Marʻashī al-Najafī,</marc:subfield>
    <marc:subfield code="c">1408- [1987 or 1988- ]</marc:subfield>
  </marc:datafield>
  <marc:datafield tag="300" ind1=" " ind2=" ">
    <marc:subfield code="a">v. ;</marc:subfield>
    <marc:subfield code="c">25 cm.</marc:subfield>
  </marc:datafield>
  <marc:datafield tag="500" ind1=" " ind2=" ">
    <marc:subfield code="a">Arabic; pref. in Persian.</marc:subfield>
  </marc:datafield>
  <marc:datafield tag="505" ind1="1" ind2=" ">
    <marc:subfield code="a">v. 1. al-Nuṣūṣ al-manṭiqīyah -- v. 2. al-Shurūḥ al-manṭiqīyah -- al-mujallad 3. al-Shurūḥ ʻalá al-nuṣūṣ al-manṭiqīyah</marc:subfield>
  </marc:datafield>
  <marc:datafield tag="650" ind1=" " ind2="0">
    <marc:subfield code="a">Philosophy, Medieval.</marc:subfield>
  </marc:datafield>
  <marc:datafield tag="650" ind1=" " ind2="0">
    <marc:subfield code="a">Logic</marc:subfield>
    <marc:subfield code="v">Early works to 1800.</marc:subfield>
  </marc:datafield>
  <marc:datafield tag="700" ind1="1" ind2=" ">
    <marc:subfield code="a">Marʻashī, Maḥmūd.</marc:subfield>
  </marc:datafield>
  <marc:datafield tag="700" ind1="1" ind2=" ">
    <marc:subfield code="a">Dānishʹpazhūh, Muḥammad Taqī.</marc:subfield>
  </marc:datafield>
  <marc:datafield tag="950" ind1=" " ind2=" ">
    <marc:subfield code="l">BMAIN</marc:subfield>
    <marc:subfield code="n">455:sl\Unanalyzed\</marc:subfield>
    <marc:subfield code="i">05/29/91 C</marc:subfield>
  </marc:datafield>
  <marc:datafield tag="955" ind1=" " ind2=" ">
    <marc:subfield code="l">BMAIN</marc:subfield>
    <marc:subfield code="c">1:v.2</marc:subfield>
    <marc:subfield code="q">89-B21723-1</marc:subfield>
    <marc:subfield code="r">015410908</marc:subfield>
    <marc:subfield code="i">05/29/91 C</marc:subfield>
  </marc:datafield>
  <marc:datafield tag="955" ind1=" " ind2=" ">
    <marc:subfield code="l">BMAIN</marc:subfield>
    <marc:subfield code="c">1:v.3</marc:subfield>
    <marc:subfield code="q">89-B21723-1</marc:subfield>
    <marc:subfield code="r">015410916</marc:subfield>
    <marc:subfield code="i">05/29/91 C</marc:subfield>
  </marc:datafield>
  <marc:datafield tag="955" ind1=" " ind2=" ">
    <marc:subfield code="l">BMAIN</marc:subfield>
    <marc:subfield code="c">1:v.1</marc:subfield>
    <marc:subfield code="q">89-B21723-1</marc:subfield>
    <marc:subfield code="r">015410890</marc:subfield>
    <marc:subfield code="i">05/29/91 C</marc:subfield>
  </marc:datafield>
  <marc:datafield tag="998" ind1=" " ind2=" ">
    <marc:subfield code="a">05/29/91</marc:subfield>
    <marc:subfield code="t">b</marc:subfield>
    <marc:subfield code="s">9110</marc:subfield>
    <marc:subfield code="n">NNU</marc:subfield>
    <marc:subfield code="w">DCLC89930245B</marc:subfield>
    <marc:subfield code="d">06/19/89</marc:subfield>
    <marc:subfield code="c">PJV</marc:subfield>
    <marc:subfield code="b">PJV</marc:subfield>
    <marc:subfield code="i">910529</marc:subfield>
    <marc:subfield code="l">NYUG</marc:subfield>
  </marc:datafield>
</marc:record>
